@article{Eulisse2014,
  doi = {10.1088/1742-6596/513/5/052009},
  url = {http://dx.doi.org/10.1088/1742-6596/513/5/052009},
  year  = {2014},
  month = {jun},
  publisher = {{IOP} Publishing},
  volume = {513},
  number = {5},
  pages = {052009},
  author = {Giulio Eulisse and Shahzad Muzaffar and David Abdurachmanov and David Mendez},
  title = {Rise of the Build Infrastructure},
  journal = {J. Phys.: Conf. Ser.}
}

@article{Felter2014,
    year = {2014},
    author = {Wes Felter AND Alexandre Ferreira AND Ram Rajamony AND Juan Rubio},
    title = {An Updated Performance Comparison of Virtual Machines and Linux Containers},
    journal = {IBM Research Report}
}

@misc{CERNCFG,
    howpublished={\url{http://cern.ch/config}}
}

@misc{CERNOPENSTACK,
    howpublished={\url{http://openstack.cern.ch}}
}

@inproceedings{BORG,
  title = {Large-scale cluster management at {Google} with {Borg}},
  author  = {Abhishek Verma and Luis Pedrosa and Madhukar R. Korupolu and David Oppenheimer and Eric Tune and John Wilkes},
  year  = 2015,
  booktitle = {Proceedings of the European Conference on Computer Systems (EuroSys)},
  address = {Bordeaux, France}
}

@misc{MESOS,
    howpublished={\url{http://mesos.apache.org}}
}

@misc{ZOOKEEPER,
    howpublished={\url{http://https://zookeeper.apache.org}}
}

@misc{MESOSELASTIC,
    howpublished={\url{https://github.com/mesosphere/elasticsearch-mesos}}
}

@misc{MESOSCASSANDRA,
    howpublished={\url{https://github.com/mesosphere/cassandra-mesos}}
}

@misc{MESOSHADOOP,
    howpublished={\url{https://github.com/mesos/hadoop}}
}

@misc{MESOSSPARK,
    howpublished={\url{https://spark.apache.org/docs/1.2.0/running-on-mesos.html}}
}

@misc{MESOSJENKINS,
    howpublished={\url{http://jenkinsci.github.io/mesos-plugin/}}
}

@misc{JENKINS,
    howpublished={\url{https://jenkins-ci.org}}
}

@misc{MARATHON,
    howpublished={\url{https://mesosphere.github.io/marathon}}
}

@misc{DOCKER,
    howpublished={\url{https://docker.io}}
}

@misc{GRADUATION,
    howpublished={\url{https://blogs.apache.org/foundation/entry/the_apache_software_foundation_announces45}}
}

@inproceedings{MESOSPAPER,
 author = {Benjamin Hindman AND Andy Konwinski AND Matei Zaharia and Ali Ghodsi AND Anthony Joseph AND Randy Katz AND Scott Shenker AND Ion Stoica},
 title = {Mesos: A Platform for Fine-grained Resource Sharing in the Data Center},
 booktitle = {Proceedings of the 8th USENIX Conference on Networked Systems Design and Implementation},
 series = {NSDI'11},
 year = {2011},
 location = {Boston, MA},
 pages = {295--308},
 numpages = {14},
 url = {http://dl.acm.org/citation.cfm?id=1972457.1972488},
 acmid = {1972488},
 publisher = {USENIX Association},
 address = {Berkeley, CA, USA},
}

@inproceedings{DOCKERPAPER,
  author = {Giulio Eulisse AND Tommaso Boccali AND Enrico Mazzoni AND Daniele Bonacorsi},
  booktitle = {To appear in Proceedings of ISCG 2015},
  year = {2015},
  title = {Containerization of {CMS} applications with {Docker}}
}
